\begin{thebibliography}
@inproceedings{yekkala2017prediction,
  title={Prediction of heart disease using ensemble learning and Particle Swarm Optimization},
  author={Yekkala, Indu and Dixit, Sunanda and Jabbar, MA},
  booktitle={2017 International Conference On Smart Technologies For Smart Nation (SmartTechCon)},
  pages={691--698},
  year={2017},
  organization={IEEE}
}
@article{alizadehsani2019machine,
  title={Machine learning-based coronary artery disease diagnosis: A comprehensive review},
  author={Alizadehsani, Roohallah and Abdar, Moloud and Roshanzamir, Mohamad and Khosravi, Abbas and Kebria, Parham M and Khozeimeh, Fahime and Nahavandi, Saeid and Sarrafzadegan, Nizal and Acharya, U Rajendra},
  journal={Computers in biology and medicine},
  volume={111},
  pages={103346},
  year={2019},
  publisher={Elsevier}
}
@inproceedings{abdar2019performance,
  title={Performance improvement of decision trees for diagnosis of coronary artery disease using multi filtering approach},
  author={Abdar, Moloud and Nasarian, Elham and Zhou, Xujuan and Bargshady, Ghazal and Wijayaningrum, Vivi Nur and Hussain, Sadiq},
  booktitle={2019 IEEE 4th International Conference on Computer and Communication Systems (ICCCS)},
  pages={26--30},
  year={2019},
  organization={IEEE}
}
@article{mienye2020improved,
  title={An improved ensemble learning approach for the prediction of heart disease risk},
  author={Mienye, Ibomoiye Domor and Sun, Yanxia and Wang, Zenghui},
  journal={Informatics in Medicine Unlocked},
  volume={20},
  pages={100402},
  year={2020},
  publisher={Elsevier}
}
@article{chang2019new,
  title={A new hybrid XGBSVM model: application for hypertensive heart disease},
  author={Chang, Wenbing and Liu, Yinglai and Wu, Xueyi and Xiao, Yiyong and Zhou, Shenghan and Cao, Wen},
  journal={Ieee Access},
  volume={7},
  pages={175248--175258},
  year={2019},
  publisher={IEEE}
}
@article{shorewala2021early,
  title={Early detection of coronary heart disease using ensemble techniques},
  author={Shorewala, Vardhan},
  journal={Informatics in Medicine Unlocked},
  volume={26},
  pages={100655},
  year={2021},
  publisher={Elsevier}
}
@article{ahmad2022comparative,
  title={Comparative study of optimum medical diagnosis of human heart disease using machine learning technique with and without sequential feature selection},
  author={Ahmad, Ghulab Nabi and Ullah, Shafi and Algethami, Abdullah and Fatima, Hira and Akhter, Syed Md Humayun},
  journal={ieee access},
  volume={10},
  pages={23808--23828},
  year={2022},
  publisher={IEEE}
}
\end{thebibliography}