@inproceedings{yekkala2017prediction,
  title={Prediction of heart disease using ensemble learning and Particle Swarm Optimization},
  author={Yekkala, Indu and Dixit, Sunanda and Jabbar, MA},
  booktitle={2017 International Conference On Smart Technologies For Smart Nation (SmartTechCon)},
  pages={691--698},
  year={2017},
  organization={IEEE},
}
@article{alizadehsani2019machine,
  title={Machine learning-based coronary artery disease diagnosis: A comprehensive review},
  author={Alizadehsani, Roohallah and Abdar, Moloud and Roshanzamir, Mohamad and Khosravi, Abbas and Kebria, Parham M and Khozeimeh, Fahime and Nahavandi, Saeid and Sarrafzadegan, Nizal and Acharya, U Rajendra},
  journal={Computers in biology and medicine},
  volume={111},
  pages={103346},
  year={2019},
  publisher={Elsevier},
}